@Thesis{Rehn2010,
  author      = {Rehn, Thomas},
  date        = {2010-01-12},
  institution = {Otto-von-Guericke University Magdeburg},
  title       = {Fundamental Permutation Group Algorithms for Symmetry Computation},
  type        = {Di\-ploma thesis},
  url         = {http://www.math.uni-rostock.de/~rehn/docs/diploma-thesis-cs-rehn.pdf},
  urldate     = {2022-06-17},
}

@Article{Manssur2002a,
  author       = {Manssur, L. R. U. and Portugal, R. and Svaiter, B. F.},
  date         = {2002-09},
  journaltitle = {Int J Mod Phys C},
  title        = {Group-theoretic approach for symbolic tensor manipulation},
  doi          = {10.1142/S0129183102004571},
  issn         = {0129-1831},
  number       = {07},
  pages        = {859--879},
  volume       = {13},
  keywords     = {Symbolic tensor manipulation, Computational Group Theory, computer algebra algorithms, canonical coset representative, symmetric group},
  publisher    = {World Scientific Publishing Co.},
}

@Book{Butler1991a,
  author    = {Gregory Butler},
  date      = {1991},
  title     = {Fundamental Algorithms for Permutation Groups},
  doi       = {10.1007/3-540-54955-2},
  isbn      = {3-540-54955-2},
  publisher = {Springer-Verlag},
  series    = {Lecture Notes in Computer Science},
}

@Online{PermLib,
	url = {https://github.com/tremlin/PermLib},
	urldate = {2022-11-25}
}

@Online{Wiki_SymmetricGroup,
	url = {https://en.wikipedia.org/wiki/Symmetric_group},
	urldate = {2022-11-25}
}

@Online{polymorphic_variant,
	url = {https://github.com/Krzmbrzl/polymorphic_variant},
	urldate = {2022-11-25}
}
